@misc{munroe, 
	title={Frequentists vs. Bayesians}, 
	howpublished = "\url{https://xkcd.com/1132/}", 
	year={n.d.},
	journal={xkcd},
	author={Munroe, Randall Patrick}
}

@misc{jang2014, 
	title={``버거 지수"는 진짜 도시의 발전 수준을 반영할까?}, 
	year={2014},
	url={https://nbviewer.jupyter.org/gist/hyeshik/cf9f3d7686e07eedbfda?revision=6}, 
	journal={Jupyter Notebook Viewer}, 
	author={Jang, Hyeshik}
}